@book{barrett2020pam,
	author = "Michael Barrett",
	title = "Privileged Access Management: A Comprehensive Guide",
	year = "2020",
	publisher = "Cybersecurity Press"
}

@book{johnson2018integration,
	author = "Andrew Johnson",
	title = "Integrating PAM with SIEM and IAM Systems",
	year = "2018",
	publisher = "Security Insights Publishing"
}

@misc{kindervag2010zero,
	author = "John Kindervag",
	title = "No More Chewy Centers: Introducing the Zero Trust Model of Information Security",
	year = "2010",
	howpublished = {\url{https://www.forrester.com/report/No-More-Chewy-Centers-Introducing-The-Zero-Trust-Model-Of-Information-Security/RES57182}},
	note = "[Internet; descargado 30-mayo-2024]"
}

@misc{manageengine2023pam360,
	author = "ManageEngine",
	title = "PAM360: Comprehensive Privileged Access Management Solution",
	year = "2023",
	howpublished = {\url{https://www.manageengine.com/pam360/}},
	note = "[Internet; descargado 30-mayo-2024]"
}

@misc{microsoft2024ad,
	author = "Microsoft",
	title = "Introducci√≥n a Active Directory Domain Services | Microsoft Learn",
	year = "2024",
	howpublished = {\url{https://learn.microsoft.com/es-es/windows-server/identity/ad-ds/get-started/virtual-dc/active-directory-domain-services-overview}},
	note = "[Internet; descargado 30-mayo-2024]"
}

@book{moore2021monitoring,
	author = "Richard Moore",
	title = "Continuous Monitoring and Auditing in Cybersecurity",
	year = "2021",
	publisher = "InfoSec Books"
}

@book{smith2019poc,
	author = "John Smith",
	title = "The Role of Proof of Concept in IT Projects",
	year = "2019",
	publisher = "Tech Publishing"
}

@book{whitman2022security,
	author = "Michael E. Whitman and Herbert J. Mattord",
	title = "Principles of Information Security",
	year = "2022",
	publisher = "Cengage Learning"
}

@book{gantt,
	author = "Henry L. Gantt",
	title = "Work, Wages, and Profits",
	year = "1916",
	publisher = "The Engineering Magazine Co."
}

@misc{mremote,
	author = "mRemote",
	title = "mRemote: Open Source, Multi-protocol, Remote Connections Manager",
	year = "2008",
	howpublished = {\url{https://mremote.sourceforge.net/}},
	note = "[Internet; descargado 30-mayo-2024]"
}

@misc{fortinet,
	author = "Fortinet",
	title = "Fortinet: Security-Driven Networking for a Hyperconnected World",
	year = "2024",
	howpublished = {\url{https://www.fortinet.com/}},
	note = "[Internet; descargado 30-mayo-2024]"
}

@misc{cyberark,
	author = "CyberArk",
	title = "CyberArk: Identity Security Solutions",
	year = "2024",
	howpublished = {\url{https://www.cyberark.com/}},
	note = "[Internet; descargado 30-mayo-2024]"
}

@misc{beyondtrust,
	author = "BeyondTrust",
	title = "BeyondTrust: Privileged Access Management",
	year = "2024",
	howpublished = {\url{https://www.beyondtrust.com/}},
	note = "[Internet; descargado 30-mayo-2024]"
}

@misc{vsphere,
	author = "VMware",
	title = "vSphere: Server Virtualization Platform",
	year = "2024",
	howpublished = {\url{https://www.vmware.com/products/vsphere.html}},
	note = "[Internet; descargado 30-mayo-2024]"
}

@misc{mremoteng,
	author = "MRemoteNG",
	title = "MRemoteNG: The next generation of mRemote, open source, tabbed, multi-protocol, remote connections manager",
	year = "2024",
	howpublished = {\url{https://mremoteng.org/}},
	note = "[Internet; descargado 30-mayo-2024]"
}
